
@article{milp_tsp_1954_DFJ,
    title={Solution of a large-scale traveling-salesman problem},
    author={Dantzig, George and Fulkerson, Ray and Johnson, Selmer},
    journal={Journal of the operations research society of America},
    volume={2},
    number={4},
    pages={393--410},
    year={1954},
    publisher={INFORMS}
}

@article{0148_0227_202012,
    title={Scheduling of multi-robot job shop systems in dynamic environments: mixed-integer linear programming and constraint programming approaches},
    author={Fatemi-Anaraki, Soroush and Tavakkoli-Moghaddam, Reza and Foumani, Mehdi and Vahedi-Nouri, Behdin},
    journal={Omega},
    volume={115},
    pages={102770},
    year={2023},
    publisher={Elsevier}
}

